@ONLINE {gt15,
    author = "Oliver Riordan",
    title  = "Lecture Notes for B8.5 Graph Theory",
    year   = "2015",
    url    = "https://www0.maths.ox.ac.uk/system/files/coursematerial/2015/3094/34/notes.pdf"
}